<?xml version="1.0" encoding="UTF-8"?><record xmlns="http://www.loc.gov/MARC21/slim" xmlns:cinclude="http://apache.org/cocoon/include/1.0" xmlns:zs="http://www.loc.gov/zing/srw/">
  <leader>00373nz  a2200133n  4500</leader>
  <controlfield tag="001">no2009055047</controlfield>
  <controlfield tag="003">DLC</controlfield>
  <controlfield tag="005">20090410075551.0</controlfield>
  <controlfield tag="008">090408n| acannaabn          |n aaa     c</controlfield>
  <datafield tag="010" ind1=" " ind2=" ">
    <subfield code="a">no2009055047</subfield>
  </datafield>
  <datafield tag="035" ind1=" " ind2=" ">
    <subfield code="a">(OCoLC)oca08071831</subfield>
  </datafield>
  <datafield tag="040" ind1=" " ind2=" ">
    <subfield code="a">MoSW</subfield>
    <subfield code="b">eng</subfield>
    <subfield code="c">MoSW</subfield>
  </datafield>
  <datafield tag="100" ind1="1" ind2=" ">
    <subfield code="a">Grewe, Harold</subfield>
  </datafield>
  <datafield tag="670" ind1=" " ind2=" ">
    <subfield code="a">Wege auf der Suche nach Licht, 2005:</subfield>
    <subfield code="b">t.p. (Harold Grewe) p. 4 of cover (b. 1935)</subfield>
  </datafield>
</record>